@misc{ref0,
  author            = {GeeksForGeeks}, 
  title             = {Page Replacement Algorithms in Operating Systems},
  howpublished      = {Página web},
  year              = 2025,
  month             = {September},
  day               = 10,
  url             = {https://www.geeksforgeeks.org/operating-systems/page-replacement-algorithms-in-operating-systems/},
}

@misc{ref1,
  author            = {GeeksForGeeks}, 
  title             = {Second Chance (or Clock) Page Replacement Policy},
  howpublished      = {Página web},
  year              = 2025,
  month             = {September},
  day               = 13,
  url             = {https://www.geeksforgeeks.org/operating-systems/second-chance-or-clock-page-replacement-policy/},
}
